@INPROCEEDINGS{Indrawan2012,
author={Indrawan-Santiago, M.},
booktitle={Network-Based Information Systems (NBiS), 2012 15th International Conference on},
title={Database Research: Are We at a Crossroad? Reflection on NoSQL},
year={2012},
month={Sept},
pages={45-51},
keywords={SQL;data models;relational databases;NoSQL;business community;data models;database research community;relational databases;relational models;scientific community;transaction models;Availability;Business;Data models;Object oriented modeling;Relational databases;XML;NoSQL;business analytics;database;key-value pair},
doi={10.1109/NBiS.2012.95},},

@inproceedings{chamberlin1974sequel,
  title={SEQUEL: A structured English query language},
  author={Chamberlin, Donald D and Boyce, Raymond F},
  booktitle={Proceedings of the 1974 ACM SIGFIDET (now SIGMOD) workshop on Data description, access and control},
  pages={249--264},
  year={1974},
  organization={ACM}
},

@article{codd1970relational,
  title={A relational model of data for large shared data banks},
  author={Codd, Edgar F},
  journal={Communications of the ACM},
  volume={13},
  number={6},
  pages={377--387},
  year={1970},
  publisher={ACM}
},

@article{padhy2011rdbms,
  title={Rdbms to nosql: reviewing some next-generation non-relational databases},
  author={Padhy, Rabi Prasad and Patra, Manas Ranjan and Satapathy, Suresh Chandra},
  journal={International Journal of Advanced Engineering Science and Technologies},
  volume={11},
  number={1},
  pages={15--30},
  year={2011}
},
@article{leavitt2010will,
  title={Will NoSQL databases live up to their promise?},
  author={Leavitt, Neal},
  journal={Computer},
  volume={43},
  number={2},
  pages={12--14},
  year={2010},
  publisher={IEEE}
},
@inproceedings{han2011survey,
  title={Survey on NoSQL database},
  author={Han, Jing and Haihong, E and Le, Guan and Du, Jian},
  booktitle={Pervasive computing and applications (ICPCA), 2011 6th international conference on},
  pages={363--366},
  year={2011},
  organization={IEEE}
},
@article{brewer2012pushing,
  title={Pushing the cap: Strategies for consistency and availability},
  author={Brewer, Eric},
  journal={Computer},
  volume={45},
  number={2},
  pages={23--29},
  year={2012},
  publisher={IEEE Computer Society Press}
},
@inproceedings{brewer2000towards,
  title={Towards robust distributed systems},
  author={Brewer, Eric A},
  booktitle={PODC},
  volume={7},
  year={2000}
},
@article{tauro2012comparative,
  title={Comparative Study of the New Generation, Agile, Scalable, High Performance NOSQL Databases.},
  author={Tauro, Clarence JM and Aravindh, S and Shreeharsha, AB},
  journal={International Journal of Computer Applications},
  volume={48},
  year={2012}
},
@article{weber2010nosql,
  title={Nosql databases},
  author={Weber, Silvan},
  journal={University of Applied Sciences HTW Chur, Switzerland},
  year={2010}
},
@inproceedings{hecht2011nosql,
  title={Nosql evaluation},
  author={Hecht, Robin and Jablonski, Stefan},
  booktitle={International Conference on Cloud and Service Computing},
  pages={336--41},
  year={2011}
},
@article{chang2008bigtable,
  title={Bigtable: A distributed storage system for structured data},
  author={Chang, Fay and Dean, Jeffrey and Ghemawat, Sanjay and Hsieh, Wilson C and Wallach, Deborah A and Burrows, Mike and Chandra, Tushar and Fikes, Andrew and Gruber, Robert E},
  journal={ACM Transactions on Computer Systems (TOCS)},
  volume={26},
  number={2},
  pages={4},
  year={2008},
  publisher={ACM}
},
@inproceedings{vicknair2010comparison,
  title={A comparison of a graph database and a relational database: a data provenance perspective},
  author={Vicknair, Chad and Macias, Michael and Zhao, Zhendong and Nan, Xiaofei and Chen, Yixin and Wilkins, Dawn},
  booktitle={Proceedings of the 48th annual Southeast regional conference},
  pages={42},
  year={2010},
  organization={ACM}
},
@article{khetrapal2006hbase,
  title={HBase and Hypertable for large scale distributed storage systems},
  author={Khetrapal, Ankur and Ganesh, Vinay},
  journal={Dept. of Computer Science, Purdue University},
  year={2006}
},
@misc{1_ontotext_2015,
author={Ontotext,},
title={Ontotext GraphDBô - Powerful Graph Database - Ontotext},
url={http://www.ontotext.com/products/ontotext-graphdb/},
year={2015}
},

@misc{2_neo4j,
author={Neo4j Graph Database,},
title={Neo4j, the World's Leading Graph Database},
url={http://neo4j.com},
year={2015}
},

@misc{3_cassandra.apache.org_2015,
author={Cassandra.apache.org,},
title={The Apache Cassandra Project},
url={http://cassandra.apache.org},
year={2015}
},

@misc{4_oracle.com_2015,
author={Oracle.com,},
title={Oracle Berkeley DB Products | Overview},
url={http://www.oracle.com/us/products/database/berkeley-db/overview/index.html},
year={2015}
},

@misc{5_couchdb.apache.org_2015,
author={Couchdb.apache.org,},
title={Apache CouchDB},
url={http://couchdb.apache.org},
year={2015}
},

@misc{6_mongodb.org_2015,
author={Mongodb.org,},
title={MongoDB},
url={https://www.mongodb.org},
year={2015}
},
@inproceedings{chodorow2010introduction,
  title={Introduction to mongodb},
  author={Chodorow, C},
  booktitle={Free and Open Source Software Developers’ European Meeting (FOSDEM)},
  year={2010}
},
@misc{1_mongo_docs_2015,
author={Docs.mongodb.org,},
title={MongoDB Manual Contents — MongoDB Manual 3.0.1},
url={http://docs.mongodb.org/manual/contents/},
year={2015}
},
@misc{1_neo4j,
author={Neo4j.com,},
title={The Neo4j Manual v2.2.0-RC01 -},
url={http://neo4j.com/docs/milestone/},
year={2015}
},
@misc{mongo_whouses,
author={Mongodb.com,},
title={Organizations Creating Applications Never Before Possible},
url={http://www.mongodb.com/who-uses-mongodb},
year={2015}
},
@misc{mongo_customers,
author={Mongodb.com,},
title={Organizations Creating Applications Never Before Possible},
url={http://www.mongodb.com/who-uses-mongodb},
year={2015}
},
@misc{1_mysqlcom_2015,
author={Mysql.com,},
title={MySQL ::  The world's most popular open source database},
url={https://www.mysql.com},
year={2015}
},

@misc{2_mariadborg_2015,
author={Mariadb.org,},
title={Welcome to MariaDB! - MariaDB},
url={https://mariadb.org},
year={2015}
},

@misc{3_oraclecom_2015,
author={Oracle.com,},
title={Database 12c | Oracle},
url={https://www.oracle.com/database/index.html},
year={2015}
},

@misc{4_microsoftcom_2015,
author={Microsoft.com,},
title={SQL Server 2014 | Microsoft},
url={http://www.microsoft.com/en-au/server-cloud/products/sql-server/},
year={2015}
},
@article{redmond2012seven,
  title={Seven Databases in Seven Weeks: A Guide to Modern Databases and the NoSQL Movement},
  author={Redmond, Eric and Wilson, Jim R},
  year={2012},
  publisher={Pragmatic Bookshelf}
},
@misc{1_kleppmann_2009,
author={Kleppmann, Martin},
title={Should you go Beyond Relational Databases? - Treehouse Blog},
url={http://blog.teamtreehouse.com/should-you-go-beyond-relational-databases},
journal={Treehouse Blog},
year={2009}
},
